<?xml version="1.0" encoding="utf-8"?>
<record xmlns="http://www.loc.gov/MARC21/slim" xmlns:xsi="http://www.w3.org/2001/XMLSchema-instance" xsi:schemaLocation="http://www.loc.gov/MARC21/slim http://www.loc.gov/standards/marcxml/schema/MARC21slim.xsd">
	<leader>     nam a22     Mi 4500</leader>
	<controlfield tag="001">b28061214</controlfield>
	<controlfield tag="003">UaCaAUL</controlfield>
	<controlfield tag="006">m        d        </controlfield>
	<controlfield tag="007">cr cn |||m|||a</controlfield>
	<controlfield tag="008">200214s1952    ua      ob    001 0 ara d</controlfield>
	<datafield ind1=" " ind2=" " tag="040">
		<subfield code="a">ZYU</subfield>
		<subfield code="b">ara</subfield>
		<subfield code="e">rda</subfield>
		<subfield code="c">ZYU</subfield>
	</datafield>
	<datafield ind1=" " ind2="4" tag="050">
		<subfield code="a">PJ6161</subfield>
		<subfield code="b">.A3 1952</subfield>
	</datafield>
	<datafield ind1="1" ind2=" " tag="100">
		<subfield code="6">880-01</subfield>
		<subfield code="a">ʻAskarī, Abū Hilāl al-Ḥasan ibn ʻAbd Allāh,</subfield>
		<subfield code="e">author.</subfield>
	</datafield>
	<datafield ind1="1" ind2="0" tag="240">
		<subfield code="6">880-02</subfield>
		<subfield code="a">ṣināʻatayn : al-kitābah wa-al-shiʻr</subfield>
	</datafield>
	<datafield ind1="1" ind2="0" tag="245">
		<subfield code="6">880-03</subfield>
		<subfield code="a">Kitāb al-ṣināʻatayn :</subfield>
		<subfield code="b">al-kitābah wa-al-shiʻr /</subfield>
		<subfield code="c">taṣnīf Abī Hilāl al-Ḥasan ibn ʻAbd Allāh ibn Sahl al-ʻAskarī ; taḥqīq ʻAlī Muḥammad al-Bajāwī, Muḥammad Abū al-Faḍl Ibrāhīm.</subfield>
	</datafield>
	<datafield ind1=" " ind2=" " tag="250">
		<subfield code="6">880-04</subfield>
		<subfield code="a">al-Ṭabʻah al-ūlá.</subfield>
	</datafield>
	<datafield ind1=" " ind2="1" tag="264">
		<subfield code="6">880-05</subfield>
		<subfield code="a">[Palce of publication not identified] :</subfield>
		<subfield code="b">Dār Iḥyāʼ al-Kutub al-ʻArabīyah, ʻĪsá al-Bābī al-Ḥalabī wa-Shurakāh,</subfield>
		<subfield code="c">1371 H., 1952 M.</subfield>
	</datafield>
	<datafield ind1=" " ind2=" " tag="300">
		<subfield code="a">online resource (4, 528 pages)</subfield>
	</datafield>
	<datafield ind1=" " ind2=" " tag="336">
		<subfield code="a">text</subfield>
		<subfield code="2">rdacontent</subfield>
	</datafield>
	<datafield ind1=" " ind2=" " tag="337">
		<subfield code="a">computer</subfield>
		<subfield code="2">rdamedia</subfield>
	</datafield>
	<datafield ind1=" " ind2=" " tag="338">
		<subfield code="a">online resource</subfield>
		<subfield code="2">rdacarrier</subfield>
	</datafield>
	<datafield ind1=" " ind2=" " tag="500">
		<subfield code="a">Part of the Arabic Collections Online (ACO) project, contributed by American University in Cairo Library.</subfield>
	</datafield>
	<datafield ind1=" " ind2=" " tag="504">
		<subfield code="a">Includes bibliographical references (pages 526-528) and indexes.</subfield>
	</datafield>
	<datafield ind1=" " ind2=" " tag="500">
		<subfield code="a">This collection was purchased from Professor Michael Zwettler after his death, Ohio State University, Department of Near Eastern Languages and Cultures.</subfield>
	</datafield>
	<datafield ind1=" " ind2=" " tag="500">
		<subfield code="a">Includes errata page.</subfield>
	</datafield>
	<datafield ind1=" " ind2=" " tag="533">
		<subfield code="a">Electronic reproduction.</subfield>
		<subfield code="b">New York, N.Y. :</subfield>
		<subfield code="c">New York University,</subfield>
		<subfield code="d">2020.</subfield>
		<subfield code="5">NNU</subfield>
	</datafield>
	<datafield ind1=" " ind2="0" tag="650">
		<subfield code="a">Arabic language</subfield>
		<subfield code="x">Style.</subfield>
	</datafield>
	<datafield ind1=" " ind2="0" tag="650">
		<subfield code="a">Arabic literature</subfield>
		<subfield code="x">History and criticism.</subfield>
	</datafield>
	<datafield ind1=" " ind2="7" tag="650">
		<subfield code="a">Arabic language</subfield>
		<subfield code="x">Style.</subfield>
		<subfield code="2">fast</subfield>
		<subfield code="0">(OCoLC)fst00812437</subfield>
	</datafield>
	<datafield ind1=" " ind2="7" tag="650">
		<subfield code="a">Arabic literature.</subfield>
		<subfield code="2">fast</subfield>
		<subfield code="0">(OCoLC)fst00812478</subfield>
	</datafield>
	<datafield ind1=" " ind2="7" tag="655">
		<subfield code="a">Criticism, interpretation, etc.</subfield>
		<subfield code="2">fast</subfield>
		<subfield code="0">(OCoLC)fst01411635</subfield>
	</datafield>
	<datafield ind1="1" ind2=" " tag="700">
		<subfield code="6">880-06</subfield>
		<subfield code="a">Bajāwī, ʻAlī Muḥammad.</subfield>
	</datafield>
	<datafield ind1="1" ind2=" " tag="700">
		<subfield code="6">880-07</subfield>
		<subfield code="a">Ibrāhīm, Muḥammad Abū al-Faḍl.</subfield>
	</datafield>
	<datafield ind1="1" ind2=" " tag="700">
		<subfield code="a">Zwettler, Michael.</subfield>
	</datafield>
	<datafield ind1="2" ind2=" " tag="710">
		<subfield code="a">Ohio State University.</subfield>
		<subfield code="b">Department of Near Eastern Languages and Cultures.</subfield>
	</datafield>
	<datafield ind1="2" ind2=" " tag="710">
		<subfield code="a">American University in Cairo.</subfield>
		<subfield code="b">Library.</subfield>
	</datafield>
	<datafield ind1="0" ind2=" " tag="730">
		<subfield code="a">Arabic Collections Online.</subfield>
	</datafield>
	<datafield ind1="0" ind2="8" tag="776">
		<subfield code="i">Online version:</subfield>
		<subfield code="a">ʻAskarī, Abū Hilāl al-Ḥasan ibn ʻAbd Allāh.</subfield>
		<subfield code="t">Āb al-Ṣināʻatayn, al-kitābah wa-al-shiʻr.</subfield>
		<subfield code="d">al-Qāhirah, ʻĪsá al-Bābī al-Ḥalabī, [1952]</subfield>
		<subfield code="w">(OCoLC)586071760</subfield>
	</datafield>
	<datafield ind1="0" ind2="8" tag="776">
		<subfield code="i">Print version:</subfield>
		<subfield code="a">ʻAskarī, Abū Hilāl al-Ḥasan ibn ʻAbd Allāh, author.</subfield>
		<subfield code="t">Kitāb al-ṣināʻatayn</subfield>
		<subfield code="w">(UaCaAUL)b28061214</subfield>
		<subfield code="w">(OCoLC)32792853</subfield>
	</datafield>
	<datafield ind1="4" ind2="0" tag="856">
		<subfield code="u">http://hdl.handle.net/2333.1/mcvdnp18</subfield>
	</datafield>
	<datafield ind1="1" ind2=" " tag="880">
		<subfield code="6">100-01</subfield>
		<subfield code="a">عسكري، أبو هلال الحسن بن عبد الله.</subfield>
	</datafield>
	<datafield ind1="1" ind2="0" tag="880">
		<subfield code="6">240-02</subfield>
		<subfield code="a">صناعتين : الكتابة والشعر</subfield>
	</datafield>
	<datafield ind1="1" ind2="0" tag="880">
		<subfield code="6">245-03</subfield>
		<subfield code="a">كتاب الصناعتين :</subfield>
		<subfield code="b">الكتابة والشعر /</subfield>
		<subfield code="c">تصنيف أبي هلال الحسن بن عبد الله بن سهل العسكري ؛ تحقيق علي محمد البجاوي، محمد أبو الفضل إبراهيم.</subfield>
	</datafield>
	<datafield ind1=" " ind2=" " tag="880">
		<subfield code="6">250-04</subfield>
		<subfield code="a">الطبعة الأولى.</subfield>
	</datafield>
	<datafield ind1=" " ind2="1" tag="880">
		<subfield code="6">264-05</subfield>
		<subfield code="a">[Palce of publication not identified] :</subfield>
		<subfield code="b">دار احياء الكتب العربية، عيسى البابي الحلبي وشركاه،</subfield>
		<subfield code="c">1371 H., 1952 M.</subfield>
	</datafield>
	<datafield ind1="1" ind2=" " tag="880">
		<subfield code="6">700-06</subfield>
		<subfield code="a">بجاوي، علي محمد.</subfield>
	</datafield>
	<datafield ind1="1" ind2=" " tag="880">
		<subfield code="6">700-07</subfield>
		<subfield code="a">إبراهيم، محمد أبو الفضل.</subfield>
	</datafield>
	<datafield ind1=" " ind2=" " tag="959">
		<subfield code="a">NNU</subfield>
		<subfield code="b">WEB</subfield>
		<subfield code="c">GENI</subfield>
		<subfield code="t">0</subfield>
		<subfield code="m">Electronic access</subfield>
		<subfield code="s">01</subfield>
	</datafield>
	<datafield ind1=" " ind2=" " tag="999">
		<subfield code="i">UaCaAUL_b28061214</subfield>
		<subfield code="o">(OCoLC)ocm32792853</subfield>
		<subfield code="s">auc_aco000942</subfield>
		<subfield code="e">(ERROR-880)</subfield>
		<subfield code="s">auc_aco000942</subfield>
	</datafield>
</record>
